%
% Multiobjective Optimziation
%

@InProceedings{10.1007/978-3-540-31880-4_2,
author="Fleming, Peter J.
and Purshouse, Robin C.
and Lygoe, Robert J.",
editor="Coello Coello, Carlos A.
and Hern{\'a}ndez Aguirre, Arturo
and Zitzler, Eckart",
title="Many-Objective Optimization: An Engineering Design Perspective",
booktitle="Evolutionary Multi-Criterion Optimization",
year="2005",
publisher="Springer Berlin Heidelberg",
address="Berlin, Heidelberg",
pages="14--32",
abstract="Evolutionary multicriteria optimization has traditionally concentrated on problems comprising 2 or 3 objectives. While engineering design problems can often be conveniently formulated as multiobjective optimization problems, these often comprise a relatively large number of objectives. Such problems pose new challenges for algorithm design, visualisation and implementation. Each of these three topics is addressed. Progressive articulation of design preferences is demonstrated to assist in reducing the region of interest for the search and, thereby, simplified the problem. Parallel coordinates have proved a useful tool for visualising many objectives in a two-dimensional graph and the computational grid and wireless Personal Digital Assistants offer technological solutions to implementation difficulties arising in complex system design.",
isbn="978-3-540-31880-4"
}

@InProceedings{schutze_et_al:DagSemProc.04461.16,
  author =	{Sch\"{u}tze, Oliver and Dell'Aere, Alessandro and Dellnitz, Michael},
  title =	{{On Continuation Methods for the Numerical Treatment of Multi-Objective Optimization Problems}},
  booktitle =	{Practical Approaches to Multi-Objective Optimization},
  pages =	{1--15},
  series =	{Dagstuhl Seminar Proceedings (DagSemProc)},
  ISSN =	{1862-4405},
  year =	{2005},
  volume =	{4461},
  editor =	{J\"{u}rgen Branke and Kalyanmoy Deb and Kaisa Miettinen and Ralph E. Steuer},
  publisher =	{Schloss Dagstuhl -- Leibniz-Zentrum f{\"u}r Informatik},
  address =	{Dagstuhl, Germany},
  URL =		{https://drops.dagstuhl.de/opus/volltexte/2005/349},
  URN =		{urn:nbn:de:0030-drops-3497},
  doi =		{10.4230/DagSemProc.04461.16},
  annote =	{Keywords: multi-objective optimization, continuation, k-manifolds}
}

@book{hillermeier2001nonlinear,
  title={Nonlinear multiobjective optimization: a generalized homotopy approach},
  author={Hillermeier, Claus and others},
  volume={135},
  year={2001},
  publisher={Springer Science \& Business Media}
}

@incollection{kuhn2014nonlinear,
  title={Nonlinear programming},
  author={Kuhn, Harold W and Tucker, Albert W},
  booktitle={Traces and emergence of nonlinear programming},
  pages={247--258},
  year={2014},
  publisher={Springer}
}

@article{dellnitz2005covering,
  title={Covering Pareto sets by multilevel subdivision techniques},
  author={Dellnitz, Michael and Sch{\"u}tze, Oliver and Hestermeyer, Thorsten},
  journal={Journal of optimization theory and applications},
  volume={124},
  number={1},
  pages={113--136},
  year={2005},
  publisher={Springer}
}

@incollection{emmerich2016multicriteria,
  title={A multicriteria generalization of bayesian global optimization},
  author={Emmerich, Michael and Yang, Kaifeng and Deutz, Andr{\'e} and Wang, Hao and Fonseca, Carlos M},
  booktitle={Advances in Stochastic and Deterministic Global Optimization},
  pages={229--242},
  year={2016},
  publisher={Springer}
}

@article{vzilinskas2013worst,
  title={On the worst-case optimal multi-objective global optimization},
  author={{\v{Z}}ilinskas, Antanas},
  journal={Optimization Letters},
  volume={7},
  number={8},
  pages={1921--1928},
  year={2013},
  publisher={Springer}
}

@article{custodio2011direct,
  title={Direct multisearch for multiobjective optimization},
  author={Cust{\'o}dio, Ana Lu{\'\i}sa and Madeira, JF Aguilar and Vaz, A Ismael F and Vicente, Lu{\'\i}s Nunes},
  journal={SIAM Journal on Optimization},
  volume={21},
  number={3},
  pages={1109--1140},
  year={2011},
  publisher={SIAM}
}

@article{audet2010mesh,
  title={A mesh adaptive direct search algorithm for multiobjective optimization},
  author={Audet, Charles and Savard, Gilles and Zghal, Walid},
  journal={European Journal of Operational Research},
  volume={204},
  number={3},
  pages={545--556},
  year={2010},
  publisher={Elsevier}
}

@book{back1996evolutionary,
  title={Evolutionary algorithms in theory and practice: evolution strategies, evolutionary programming, genetic algorithms},
  author={Back, Thomas},
  year={1996},
  publisher={Oxford university press}
}

@article{deb2002fast,
  title={A fast and elitist multiobjective genetic algorithm: NSGA-II},
  author={Deb, Kalyanmoy and Pratap, Amrit and Agarwal, Sameer and Meyarivan, TAMT},
  journal={IEEE transactions on evolutionary computation},
  volume={6},
  number={2},
  pages={182--197},
  year={2002},
  publisher={IEEE}
}

@article{zitzler1999multiobjective,
  title={Multiobjective evolutionary algorithms: a comparative case study and the strength Pareto approach},
  author={Zitzler, Eckart and Thiele, Lothar},
  journal={IEEE transactions on Evolutionary Computation},
  volume={3},
  number={4},
  pages={257--271},
  year={1999},
  publisher={IEEE}
}


@inproceedings{emmerich2005emo,
  title={An EMO algorithm using the hypervolume measure as selection criterion},
  author={Emmerich, Michael and Beume, Nicola and Naujoks, Boris},
  booktitle={International Conference on Evolutionary Multi-Criterion Optimization},
  pages={62--76},
  year={2005},
  organization={Springer}
}


@article{zhang2007moea,
  title={MOEA/D: A multiobjective evolutionary algorithm based on decomposition},
  author={Zhang, Qingfu and Li, Hui},
  journal={IEEE Transactions on evolutionary computation},
  volume={11},
  number={6},
  pages={712--731},
  year={2007},
  publisher={IEEE}
}

@article{deb2013evolutionary,
  title={An evolutionary many-objective optimization algorithm using reference-point-based nondominated sorting approach, part I: solving problems with box constraints},
  author={Deb, Kalyanmoy and Jain, Himanshu},
  journal={IEEE transactions on evolutionary computation},
  volume={18},
  number={4},
  pages={577--601},
  year={2013},
  publisher={IEEE}
}

@article{mitchell1990machine,
  title={Machine learning},
  author={Mitchell, Tom and Buchanan, Bruce and DeJong, Gerald and Dietterich, Thomas and Rosenbloom, Paul and Waibel, Alex},
  journal={Annual review of computer science},
  volume={4},
  number={1},
  pages={417--433},
  year={1990},
  publisher={Annual Reviews 4139 El Camino Way, PO Box 10139, Palo Alto, CA 94303-0139, USA}
}

%
% Automated Machine Learning
%

@book{hutter2019automated,
  title={Automated machine learning: methods, systems, challenges},
  author={Hutter, Frank and Kotthoff, Lars and Vanschoren, Joaquin},
  year={2019},
  publisher={Springer Nature}
}

@inproceedings{thornton2013auto,
  title={Auto-WEKA: Combined selection and hyperparameter optimization of classification algorithms},
  author={Thornton, Chris and Hutter, Frank and Hoos, Holger H and Leyton-Brown, Kevin},
  booktitle={Proceedings of the 19th ACM SIGKDD international conference on Knowledge discovery and data mining},
  pages={847--855},
  year={2013}
}

@article{feurer2015efficient,
  title={Efficient and robust automated machine learning},
  author={Feurer, Matthias and Klein, Aaron and Eggensperger, Katharina and Springenberg, Jost and Blum, Manuel and Hutter, Frank},
  journal={Advances in neural information processing systems},
  volume={28},
  year={2015}
}

@inproceedings{estevez2020solving,
  title={Solving heterogeneous automl problems with AutoGOAL},
  author={Estevez-Velarde, Suilan and Piad-Morffis, Alejandro and Guti{\'e}rrez, Yoan and Montoyo, Andr{\'e}s and Munoz, Rafael and Almeida-Cruz, Yudivian},
  booktitle={ICML Workshop on Automated Machine Learning (AutoML@ ICML)},
  year={2020}
}

@inproceedings{chen2018autostacker,
  title={Autostacker: A compositional evolutionary learning system},
  author={Chen, Boyuan and Wu, Harvey and Mo, Warren and Chattopadhyay, Ishanu and Lipson, Hod},
  booktitle={Proceedings of the genetic and evolutionary computation conference},
  pages={402--409},
  year={2018}
}

%
% AutoML with MOO
%
@article{everson2006multi,
  title={Multi-class ROC analysis from a multi-objective optimisation perspective},
  author={Everson, Richard M and Fieldsend, Jonathan E},
  journal={Pattern Recognition Letters},
  volume={27},
  number={8},
  pages={918--927},
  year={2006},
  publisher={Elsevier}
}


@article{jin2008pareto,
  title={Pareto-based multiobjective machine learning: An overview and case studies},
  author={Jin, Yaochu and Sendhoff, Bernhard},
  journal={IEEE Transactions on Systems, Man, and Cybernetics, Part C (Applications and Reviews)},
  volume={38},
  number={3},
  pages={397--415},
  year={2008},
  publisher={IEEE}
}

@inproceedings{blot2016mo,
  title={MO-ParamILS: A multi-objective automatic algorithm configuration framework},
  author={Blot, Aymeric and Hoos, Holger H and Jourdan, Laetitia and Kessaci-Marmion, Marie-{\'E}l{\'e}onore and Trautmann, Heike},
  booktitle={International Conference on Learning and Intelligent Optimization},
  pages={32--47},
  year={2016},
  organization={Springer}
}

@inproceedings{paria2020flexible,
  title={A flexible framework for multi-objective bayesian optimization using random scalarizations},
  author={Paria, Biswajit and Kandasamy, Kirthevasan and P{\'o}czos, Barnab{\'a}s},
  booktitle={Uncertainty in Artificial Intelligence},
  pages={766--776},
  year={2020},
  organization={PMLR}
}

